<record><leader>00000cas a22000007a 4500</leader><controlfield tag="001">30722896</controlfield><controlfield tag="008">940708d19871989ctuwr ne      0    0eng d</controlfield><datafield ind1=" " ind2=" " tag="010"><subfield code="a">sn 94053146 </subfield></datafield><datafield ind1=" " ind2=" " tag="040"><subfield code="a">CNW</subfield><subfield code="b">eng</subfield><subfield code="c">CNW</subfield><subfield code="d">OCLCQ</subfield><subfield code="d">OCLCO</subfield></datafield><datafield ind1="1" ind2=" " tag="029"><subfield code="a">AU@</subfield><subfield code="b">000025873370</subfield></datafield><datafield ind1=" " ind2=" " tag="042"><subfield code="a">msc</subfield></datafield><datafield ind1=" " ind2=" " tag="043"><subfield code="a">n-us-ct</subfield></datafield><datafield ind1="0" ind2=" " tag="130"><subfield code="a">North End news (Trumbull, Conn.)</subfield></datafield><datafield ind1="1" ind2="0" tag="245"><subfield code="a">North End news.</subfield></datafield><datafield ind1=" " ind2=" " tag="260"><subfield code="a">Trumbull, Conn. :</subfield><subfield code="b">Hometown Publications</subfield></datafield><datafield ind1=" " ind2=" " tag="300"><subfield code="a">v.</subfield></datafield><datafield ind1=" " ind2=" " tag="310"><subfield code="a">Weekly</subfield></datafield><datafield ind1="0" ind2=" " tag="362"><subfield code="a">Vol. 1, no. 1 (Oct. 7, 1987)-v. 3, no. 44 (Nov. 1, 1989).</subfield></datafield><datafield ind1=" " ind2=" " tag="500"><subfield code="a">Published in Bridgeport, Conn., 1989-</subfield></datafield><datafield ind1=" " ind2="0" tag="651"><subfield code="a">Trumbull (Conn.)</subfield><subfield code="v">Newspapers.</subfield></datafield><datafield ind1=" " ind2="0" tag="651"><subfield code="a">Bridgeport (Conn.)</subfield><subfield code="v">Newspapers.</subfield></datafield><datafield ind1=" " ind2="0" tag="651"><subfield code="a">North End (Bridgeport, Conn.)</subfield><subfield code="v">Newspapers.</subfield></datafield><datafield ind1=" " ind2=" " tag="752"><subfield code="a">United States</subfield><subfield code="b">Connecticut</subfield><subfield code="c">Fairfield</subfield><subfield code="d">Bridgeport.</subfield></datafield><datafield ind1="0" ind2="7" tag="785"><subfield code="t">Black Rock news (Bridgeport, Conn. : 1988)</subfield><subfield code="w">(DLC)sn 94053149</subfield><subfield code="w">(OCoLC)30723380</subfield></datafield><datafield ind1="0" ind2="7" tag="785"><subfield code="t">Bridgeport news</subfield><subfield code="w">(DLC)sn 94053147</subfield><subfield code="w">(OCoLC)30723022</subfield></datafield></record>